<?xml version="1.0" encoding="UTF-8"?>

<marc21:record xmlns:marc21="http://www.loc.gov/MARC21/slim" xmlns:xsi="http://www.w3.org/2001/XMLSchema-instance" xsi:schemaLocation="http://www.loc.gov/MARC21/slim http://www.loc.gov/standards/marcxml/schema/MARC21slim.xsd">
  <marc21:leader>02820nam a22005657a 4500</marc21:leader>
  <marc21:controlfield tag="001">001051515</marc21:controlfield>
  <marc21:controlfield tag="003">CZ BrMZK</marc21:controlfield>
  <marc21:controlfield tag="005">20071212150853.0</marc21:controlfield>
  <marc21:controlfield tag="007">ta</marc21:controlfield>
  <marc21:controlfield tag="008">070528s1635 pl fr|||||00| ||czeod</marc21:controlfield>
  <marc21:datafield tag="040" ind1=" " ind2=" ">
    <marc21:subfield code="a">BOA001</marc21:subfield>
    <marc21:subfield code="b">cze</marc21:subfield>
  </marc21:datafield>
  <marc21:datafield tag="072" ind1=" " ind2="7">
    <marc21:subfield code="a">094</marc21:subfield>
    <marc21:subfield code="x">Staré tisky</marc21:subfield>
    <marc21:subfield code="2">Konspekt</marc21:subfield>
    <marc21:subfield code="9">12</marc21:subfield>
  </marc21:datafield>
  <marc21:datafield tag="080" ind1=" " ind2=" ">
    <marc21:subfield code="a">025.171</marc21:subfield>
    <marc21:subfield code="2">MRF</marc21:subfield>
  </marc21:datafield>
  <marc21:datafield tag="100" ind1="1" ind2=" ">
    <marc21:subfield code="a">Komenský, Jan Amos,</marc21:subfield>
    <marc21:subfield code="d">1592-1670</marc21:subfield>
    <marc21:subfield code="7">jk01061444</marc21:subfield>
    <marc21:subfield code="4">aut</marc21:subfield>
  </marc21:datafield>
  <marc21:datafield tag="245" ind1="1" ind2="0">
    <marc21:subfield code="a">Na Spis Proti Gednotě Bratrské od M. Samuele Martinia etc:</marc21:subfield>
    <marc21:subfield code="b">sepsaný a na wywrácenj k Řádu gegjmu w Pobožných lidech dowětnosti w Třidcýti pěti Přijčinách, (gakž ge nazýwá) wůbec wydaný. Potřebné, mjrné, Křestanské, Starssjch Kněžjch též Gednoty Bratrské, na ten čas w Lessně Polském w exilium zustáwagjcých Ohl'ássenj. Řjm.14/19. Následugme toho cožby sl'aužil'o ku pokogi, a k wzděl'ánj Wespol'ek</marc21:subfield>
  </marc21:datafield>
  <marc21:datafield tag="246" ind1="3" ind2=" ">
    <marc21:subfield code="a">Ohlássenj</marc21:subfield>
  </marc21:datafield>
  <marc21:datafield tag="260" ind1=" " ind2=" ">
    <marc21:subfield code="a">[Leszno :</marc21:subfield>
    <marc21:subfield code="b">tiskárna Jednoty bratrské],</marc21:subfield>
    <marc21:subfield code="c">1635</marc21:subfield>
  </marc21:datafield>
  <marc21:datafield tag="300" ind1=" " ind2=" ">
    <marc21:subfield code="a">220 s. ;</marc21:subfield>
    <marc21:subfield code="c">4°</marc21:subfield>
  </marc21:datafield>
  <marc21:datafield tag="500" ind1=" " ind2=" ">
    <marc21:subfield code="a">Výzdoba: ozdobné linky z typografických ozdob, manuprioprové viněty</marc21:subfield>
  </marc21:datafield>
  <marc21:datafield tag="510" ind1="4" ind2=" ">
    <marc21:subfield code="a">SDK,</marc21:subfield>
    <marc21:subfield code="c">553</marc21:subfield>
  </marc21:datafield>
  <marc21:datafield tag="510" ind1="4" ind2=" ">
    <marc21:subfield code="a">Knihopis,</marc21:subfield>
    <marc21:subfield code="c">4243</marc21:subfield>
  </marc21:datafield>
  <marc21:datafield tag="510" ind1="4" ind2=" ">
    <marc21:subfield code="a">Dokoupil. Soupis komenian,</marc21:subfield>
    <marc21:subfield code="c">s. 70, č. 1</marc21:subfield>
  </marc21:datafield>
  <marc21:datafield tag="510" ind1="4" ind2=" ">
    <marc21:subfield code="a">Vobr. Dílo J. A. Komenského,</marc21:subfield>
    <marc21:subfield code="c">171</marc21:subfield>
  </marc21:datafield>
  <marc21:datafield tag="561" ind1=" " ind2=" ">
    <marc21:subfield code="a">Provenience: (razítko) Mährisches Staendisches Archiv</marc21:subfield>
  </marc21:datafield>
  <marc21:datafield tag="561" ind1=" " ind2=" ">
    <marc21:subfield code="a">Provenience: Tuto knižku Sem kupil wuherskei Skaliczi od wdowi Bartosskowi za 29 xcarů. [Stejnou rukou nepodepsané rodinné zápisy: Roku 1776. dne 23 Listopadu Narodila Se Nam Czera Anna A Potom Vmřela Roku 1778 Mnesycze Cžerwna dne 8. Roku 1781 dne 23. Listopadu Narodila Se nam Czera Anna. Roku 1782 dne 1ho Mage Narodil Se Nam Sin Thomass</marc21:subfield>
  </marc21:datafield>
  <marc21:datafield tag="563" ind1=" " ind2=" ">
    <marc21:subfield code="a">Na vazbu použito části listu z latinského pergamenového teologického rukopisu ze 14. století. Jedná se o dopisy sv. Augustina (Epistolae Augustini), č. 82, viz PL sv. 33, s. 275-291</marc21:subfield>
  </marc21:datafield>
  <marc21:datafield tag="648" ind1=" " ind2="7">
    <marc21:subfield code="a">1601-1650</marc21:subfield>
    <marc21:subfield code="2">czenas</marc21:subfield>
  </marc21:datafield>
  <marc21:datafield tag="650" ind1="0" ind2="7">
    <marc21:subfield code="a">historické knihovní fondy</marc21:subfield>
    <marc21:subfield code="2">czenas</marc21:subfield>
  </marc21:datafield>
  <marc21:datafield tag="655" ind1=" " ind2="7">
    <marc21:subfield code="a">staré tisky</marc21:subfield>
    <marc21:subfield code="2">czenas</marc21:subfield>
  </marc21:datafield>
  <marc21:datafield tag="700" ind1="1" ind2=" ">
    <marc21:subfield code="a">Martinius z Dražova, Samuel,</marc21:subfield>
    <marc21:subfield code="d">1593-1639</marc21:subfield>
    <marc21:subfield code="7">jk01080370</marc21:subfield>
    <marc21:subfield code="4">oth</marc21:subfield>
  </marc21:datafield>
  <marc21:datafield tag="700" ind1="1" ind2=" ">
    <marc21:subfield code="a">Komenský, Jan Amos,</marc21:subfield>
    <marc21:subfield code="d">1592-1670.</marc21:subfield>
    <marc21:subfield code="t">Na spis proti Jednotě bratrské ohlášení</marc21:subfield>
  </marc21:datafield>
  <marc21:datafield tag="910" ind1=" " ind2=" ">
    <marc21:subfield code="b">Ks-0023.587</marc21:subfield>
  </marc21:datafield>
  <marc21:datafield tag="978" ind1=" " ind2=" ">
    <marc21:subfield code="a">Tiskárna Jednoty bratrské</marc21:subfield>
    <marc21:subfield code="c">Leszno</marc21:subfield>
    <marc21:subfield code="f">1635</marc21:subfield>
  </marc21:datafield>
  <marc21:datafield tag="984" ind1=" " ind2=" ">
    <marc21:subfield code="a">Lešno</marc21:subfield>
    <marc21:subfield code="b">Polsko</marc21:subfield>
  </marc21:datafield>
  <marc21:datafield tag="990" ind1=" " ind2=" ">
    <marc21:subfield code="a">001051515</marc21:subfield>
  </marc21:datafield>
  <marc21:datafield tag="CAT" ind1=" " ind2=" ">
    <marc21:subfield code="a">BARPRE</marc21:subfield>
    <marc21:subfield code="b">50</marc21:subfield>
    <marc21:subfield code="c">20070618</marc21:subfield>
    <marc21:subfield code="l">MZK03</marc21:subfield>
    <marc21:subfield code="h">1506</marc21:subfield>
  </marc21:datafield>
  <marc21:datafield tag="CAT" ind1=" " ind2=" ">
    <marc21:subfield code="a">BARPRE</marc21:subfield>
    <marc21:subfield code="b">50</marc21:subfield>
    <marc21:subfield code="c">20070618</marc21:subfield>
    <marc21:subfield code="l">MZK03</marc21:subfield>
    <marc21:subfield code="h">1508</marc21:subfield>
  </marc21:datafield>
  <marc21:datafield tag="CAT" ind1=" " ind2=" ">
    <marc21:subfield code="a">BARPRE</marc21:subfield>
    <marc21:subfield code="b">50</marc21:subfield>
    <marc21:subfield code="c">20071212</marc21:subfield>
    <marc21:subfield code="l">MZK03</marc21:subfield>
    <marc21:subfield code="h">1508</marc21:subfield>
  </marc21:datafield>
  <marc21:datafield tag="CAT" ind1=" " ind2=" ">
    <marc21:subfield code="c">20080514</marc21:subfield>
    <marc21:subfield code="l">MZK03</marc21:subfield>
    <marc21:subfield code="h">1637</marc21:subfield>
  </marc21:datafield>
  <marc21:datafield tag="CAT" ind1=" " ind2=" ">
    <marc21:subfield code="c">20080516</marc21:subfield>
    <marc21:subfield code="l">MZK03</marc21:subfield>
    <marc21:subfield code="h">1717</marc21:subfield>
  </marc21:datafield>
  <marc21:datafield tag="CAT" ind1=" " ind2=" ">
    <marc21:subfield code="c">20080930</marc21:subfield>
    <marc21:subfield code="l">MZK03</marc21:subfield>
    <marc21:subfield code="h">1223</marc21:subfield>
  </marc21:datafield>
  <marc21:datafield tag="CAT" ind1=" " ind2=" ">
    <marc21:subfield code="a">MACHJI</marc21:subfield>
    <marc21:subfield code="b">50</marc21:subfield>
    <marc21:subfield code="c">20090217</marc21:subfield>
    <marc21:subfield code="l">MZK03</marc21:subfield>
    <marc21:subfield code="h">1015</marc21:subfield>
  </marc21:datafield>
  <marc21:datafield tag="CAT" ind1=" " ind2=" ">
    <marc21:subfield code="a">MACHJI</marc21:subfield>
    <marc21:subfield code="b">50</marc21:subfield>
    <marc21:subfield code="c">20090217</marc21:subfield>
    <marc21:subfield code="l">MZK03</marc21:subfield>
    <marc21:subfield code="h">1031</marc21:subfield>
  </marc21:datafield>
  <marc21:datafield tag="CAT" ind1=" " ind2=" ">
    <marc21:subfield code="c">20090302</marc21:subfield>
    <marc21:subfield code="l">MZK03</marc21:subfield>
    <marc21:subfield code="h">1435</marc21:subfield>
  </marc21:datafield>
  <marc21:datafield tag="CAT" ind1=" " ind2=" ">
    <marc21:subfield code="a">BATCH</marc21:subfield>
    <marc21:subfield code="b">00</marc21:subfield>
    <marc21:subfield code="c">20100210</marc21:subfield>
    <marc21:subfield code="l">MZK03</marc21:subfield>
    <marc21:subfield code="h">1436</marc21:subfield>
  </marc21:datafield>
  <marc21:datafield tag="MNS" ind1=" " ind2=" ">
    <marc21:subfield code="a">20080515</marc21:subfield>
  </marc21:datafield>
  <marc21:datafield tag="PRU" ind1=" " ind2=" ">
    <marc21:subfield code="a">VZST 070618 PB</marc21:subfield>
  </marc21:datafield>
  <marc21:datafield tag="SGG" ind1=" " ind2=" ">
    <marc21:subfield code="a">0023.587</marc21:subfield>
  </marc21:datafield>
  <marc21:datafield tag="SKC" ind1=" " ind2=" ">
    <marc21:subfield code="a">20080514</marc21:subfield>
  </marc21:datafield>
</marc21:record>
